@article{stanley2002evolving,
  title={Evolving neural networks through augmenting topologies},
  author={Stanley, Kenneth O and Miikkulainen, Risto},
  journal={Evolutionary computation},
  volume={10},
  number={2},
  pages={99--127},
  year={2002},
  publisher={MIT Press}
}

@misc{presso,
  title = {AI Learns To Play Super Mario Bros Using A Genetic Algorithm And Neural Network},
  howpublished = {\url{https://chrispresso.io/AI_Learns_To_Play_SMB_Using_GA_And_NN
}},
  author={Chris Presso},
  note = {Accessed: 2022-03-17}
}

@article{katoch2021review,
  title={A review on genetic algorithm: past, present, and future},
  author={Katoch, Sourabh and Chauhan, Sumit Singh and Kumar, Vijay},
  journal={Multimedia Tools and Applications},
  volume={80},
  number={5},
  pages={8091--8126},
  year={2021},
  publisher={Springer}
}

@article{DBLP:journals/corr/BrockmanCPSSTZ16,
  author    = {Greg Brockman and
               Vicki Cheung and
               Ludwig Pettersson and
               Jonas Schneider and
               John Schulman and
               Jie Tang and
               Wojciech Zaremba},
  title     = {OpenAI Gym},
  journal   = {CoRR},
  volume    = {abs/1606.01540},
  year      = {2016},
  url       = {http://arxiv.org/abs/1606.01540},
  eprinttype = {arXiv},
  eprint    = {1606.01540},
  timestamp = {Fri, 08 Nov 2019 12:51:06 +0100},
  biburl    = {https://dblp.org/rec/journals/corr/BrockmanCPSSTZ16.bib},
  bibsource = {dblp computer science bibliography, https://dblp.org}
}

@misc{pong_info,
  title = {Arcade Museum - Pong},
  howpublished = {\url{https://www.arcade-museum.com/game_detail.php?game_id=9074}},
  author={SethBling},
  note = {Accessed: 2022-03-17}
}

@article{DBLP:journals/corr/abs-1709-06009,
  author    = {Marlos C. Machado and
               Marc G. Bellemare and
               Erik Talvitie and
               Joel Veness and
               Matthew J. Hausknecht and
               Michael Bowling},
  title     = {Revisiting the Arcade Learning Environment: Evaluation Protocols and
               Open Problems for General Agents},
  journal   = {CoRR},
  volume    = {abs/1709.06009},
  year      = {2017},
  url       = {http://arxiv.org/abs/1709.06009},
  eprinttype = {arXiv},
  eprint    = {1709.06009},
  timestamp = {Mon, 13 Aug 2018 16:47:17 +0200},
  biburl    = {https://dblp.org/rec/journals/corr/abs-1709-06009.bib},
  bibsource = {dblp computer science bibliography, https://dblp.org}
}

@article{DBLP:journals/corr/abs-1712-06567,
  author    = {Felipe Petroski Such and
               Vashisht Madhavan and
               Edoardo Conti and
               Joel Lehman and
               Kenneth O. Stanley and
               Jeff Clune},
  title     = {Deep Neuroevolution: Genetic Algorithms Are a Competitive Alternative
               for Training Deep Neural Networks for Reinforcement Learning},
  journal   = {CoRR},
  volume    = {abs/1712.06567},
  year      = {2017},
  url       = {http://arxiv.org/abs/1712.06567},
  eprinttype = {arXiv},
  eprint    = {1712.06567},
  timestamp = {Mon, 13 Aug 2018 16:46:09 +0200},
  biburl    = {https://dblp.org/rec/journals/corr/abs-1712-06567.bib},
  bibsource = {dblp computer science bibliography, https://dblp.org}
}

@misc{mario,
  title = {MarI/O - Machine Learning for Video Games},
  howpublished = {\url{https://www.youtube.com/watch?v=qv6UVOQ0F44}},
  author={SethBling},
  note = {Accessed: 2022-03-17}
}

@misc{karpathy,
    title = {Deep Reinforcement Learning: Pong from Pixels},
    howpublished = {\url{http://karpathy.github.io/2016/05/31/rl/}},
    author={AndrejKarpathy},
    note = {Accessed: 2022-03-17}
}

@inproceedings{makarov2017learning,
  title={Learning to Play Pong Video Game via Deep Reinforcement Learning.},
  author={Makarov, Ilya and Kashin, Andrej and Korinevskaya, Alisa},
  booktitle={AIST (Supplement)},
  pages={236--241},
  year={2017}
}
